@IEEEtranBSTCTL{IEEEexample:BSTcontrol,
CTLuse_forced_etal       = "yes",
CTLmax_names_forced_etal = "1",
CTLnames_show_etal       = "1",
CTLname_url_prefix = "URL: "
}

@techreport{dongarra_hpcg_2015,
	title = {{HPCG} {Benchmark}: a {New} {Metric} for {Ranking} {High} {Performance} {Computing} {Systems}},
	number = {ut-eecs-15-736},
	institution = {University of Tennessee},
	author = {Dongarra, Jack and Heroux, Michael and Luszczek, Piotr},
	month = jan,
	year = {2015},
	keywords = {Additive Schwarz, HPC Benchmarking, Multigrid smoothing, Preconditioned Conjugate Gradient, Validation and Verification},
}

@inproceedings{dongarra_linpack_1988,
	address = {London, UK},
	title = {The {LINPACK} {Benchmark}: {An} {Explanation}},
	isbn = {3-540-18991-2},
	booktitle = {1st {ICS}},
	author = {Dongarra, Jack},
	year = {1988},
}

@inproceedings{hoefler_scientific_2015,
	title = {Scientific benchmarking of parallel computing systems: twelve ways to tell the masses when reporting performance results},
	booktitle = {{SC} '15},
	author = {Hoefler, Torsten and Belli, Roberto},
	month = nov,
	year = {2015},
}

@inproceedings{deakin_gpu-stream_2016,
	title = {{GPU}-{STREAM} v2.0: {Benchmarking} the {Achievable} {Memory} {Bandwidth} of {Many}-{Core} {Processors} {Across} {Diverse} {Parallel} {Programming} {Models}},
	isbn = {978-3-319-46079-6},
	booktitle = {{HPC}},
	author = {Deakin, Tom and Price, James and Martineau, Matt and McIntosh-Smith, Simon},
	year = {2016},
}

@inproceedings{domke_double-precision_2019,
	title = {Double-precision {FPUs} in {High}-{Performance} {Computing}: an {Embarrassment} of {Riches}?},
	booktitle = {{IPDPS} 2019},
	author = {Domke, Jens and Matsumura, Kazuaki and Wahib, Mohamed and Zhang, Haoyu and Yashima, Keita and Tsuchikawa, Toshiki and Tsuji, Yohei and Podobas, Artur and Matsuoka, Satoshi},
	month = may,
	year = {2019},
}

@inproceedings{domke_matrix_2021,
	title = {Matrix {Engines} for {High} {Performance} {Computing}: {A} {Paragon} of {Performance} or {Grasping} at {Straws}?},
	booktitle = {{IPDPS} 2021},
	author = {Domke, Jens and Vatai, Emil and Drozd, Aleksandr and Peng, Chen and Oyama, Yosuke and Zhang, Lingqi and Salaria, Shweta and Mukunoki, Daichi and Podobas, Artur and Wahib, Mohamed and Matsuoka, Satoshi},
	month = may,
	year = {2021},
}

@inproceedings{rajovic_mont-blanc_2016,
	title = {The {Mont}-{Blanc} {Prototype}: {An} {Alternative} {Approach} for {HPC} {Systems}},
	doi = {10.1109/SC.2016.37},
	booktitle = {{SC} '16},
	author = {Rajovic, Nikola and Rico, Alejandro and Mantovani, Filippo and Ruiz, Daniel and Vilarrubi, Josep Oriol and Gomez, Constantino and Backes, Luna and Nieto, Diego and Servat, Harald and Martorell, Xavier and Labarta, Jesus and Ayguade, Eduard and Adeniyi-Jones, Chris and Derradji, Said and Gloaguen, Herve and Lanucara, Piero and Sanna, Nico and Mehaut, Jean-Francois and Pouget, Kevin and Videau, Brice and Boyer, Eric and Allalen, Momme and Auweter, Axel and Brayford, David and Tafani, Daniele and Weinberg, Volker and Br{\"o}mmel, Dirk and Halver, Ren{\'e} and Meinke, Jan H. and Beivide, Ramon and Benito, Mariano and Vallejo, Enrique and Valero, Mateo and Ramirez, Alex},
	year = {2016},
}

@inproceedings{rico_arm_2017,
	title = {{ARM} {HPC} {Ecosystem} and the {Reemergence} of {Vectors}: {Invited} {Paper}},
	isbn = {978-1-4503-4487-6},
	doi = {10.1145/3075564.3095086},
	booktitle = {{CF}'17},
	author = {Rico, Alejandro and Joao, Jos{\'e} A. and Adeniyi-Jones, Chris and Van Hensbergen, Eric},
	year = {2017},
}

@inproceedings{rajovic_supercomputing_2013,
	title = {Supercomputing with {Commodity} {CPUs}: {Are} {Mobile} {SoCs} {Ready} for {HPC}?},
	isbn = {978-1-4503-2378-9},
	doi = {10.1145/2503210.2503281},
	booktitle = {{SC} '13},
	author = {Rajovic, Nikola and Carpenter, Paul M. and Gelado, Isaac and Puzovic, Nikola and Ramirez, Alex and Valero, Mateo},
	year = {2013},
}

@inproceedings{sato_co-design_2020,
	title = {Co-{Design} for {A64FX} {Manycore} {Processor} and "{Fugaku}"},
	isbn = {978-1-72819-998-6},
	booktitle = {{SC} '20},
	author = {Sato, Mitsuhisa and Ishikawa, Yutaka and Tomita, Hirofumi and Kodama, Yuetsu and Odajima, Tetsuya and Tsuji, Miwako and Yashiro, Hisashi and Aoki, Masaki and Shida, Naoyuki and Miyoshi, Ikuo and Hirai, Kouichi and Furuya, Atsushi and Asato, Akira and Morita, Kuniki and Shimizu, Toshiyuki},
	year = {2020},
	keywords = {high-performance computing, co-design, exascale computing, manycore processor},
}

@misc{sreepathi_e3sm_2021,
	title = {{E3SM} {Pathfinding} on {Fugaku}},
	url = {https://e3sm.org/e3sm-pathfinding-on-fugaku/},
	urldate = {2021-07-13},
	author = {Sreepathi, Sarat and Guba, Oksana and Taylor, Mark},
	month = may,
	year = {2021},
}

@inproceedings{michalowicz_comparing_2021,
	title = {Comparing the behavior of {OpenMP} {Implementations} with various {Applications} on two different {Fujitsu} {A64FX} platforms},
	booktitle = {{PEARC} '21},
	author = {Michalowicz, Benjamin and Raut, Eric and Kang, Yan and Curtis, Tony and Chapman, Barbara M. and Oryspayev, Dossay},
	year = {2021},
	keywords = {bare metal provisioning, HPC administration, linux clusters, network booting},
}

@techreport{huber_case_2021,
	title = {A {Case} {Study} of {LLVM}-{Based} {Analysis} for {Optimizing} {SIMD} {Code} {Generation}},
	number = {arXiv:2106.14332v1},
	author = {Huber, Joseph and Wei, Weile and Georgakoudis, Giorgis and Doerfert, Johannes and Hernandez, Oscar R.},
}

@techreport{burford_ookami_2021,
	title = {Ookami: {Deployment} and {Initial} {Experiences}},
	number = {arXiv:2106.08987v1},
	author = {Burford, Andrew and Calder, Alan C. and Carlson, David and Chapman, Barbara M. and CoSKun, Firat and Curtis, Tony and Feldman, Catherine and Harrison, Robert J. and Kang, Yan and Michalow-Icz, Benjamin and Raut, Eric and Siegmann, Eva and Wood, Daniel G. and DeLeon, Robert L. and Jones, Mathew and Simakov, Nikolay A. and White, Joseph P. and Oryspayev, Dossay},
}

@inproceedings{alappat_performance_2020,
	title = {Performance {Modeling} of {Streaming} {Kernels} and {Sparse} {Matrix}-{Vector} {Multiplication} on {A64FX}},
	doi = {10.1109/PMBS51919.2020.00006},
	booktitle = {2020 {PMBS}},
	author = {Alappat, Christie and Laukemann, Jan and Gruber, Thomas and Hager, Georg and Wellein, Gerhard and Meyer, Nils and Wettig, Tilo},
	year = {2020},
}

@inproceedings{jackson_investigating_2020,
	address = {Los Alamitos, CA, USA},
	title = {Investigating {Applications} on the {A64FX}},
	doi = {10.1109/CLUSTER49012.2020.00078},
	booktitle = {2020 {IEEE} {CLUSTER}},
	author = {Jackson, A. and Weiland, M. and Brown, N. and Turner, A. and Parsons, M.},
	month = sep,
	year = {2020},
	keywords = {libraries, production, computational modeling, benchmark testing, memory management, runtime, software},
}

@inproceedings{odajima_preliminary_2020,
	title = {Preliminary {Performance} {Evaluation} of the {Fujitsu} {A64FX} {Using} {HPC} {Applications}},
	doi = {10.1109/CLUSTER49012.2020.00075},
	booktitle = {2020 {IEEE} {CLUSTER}},
	author = {Odajima, Tetsuya and Kodama, Yuetsu and Tsuji, Miwako and Matsuda, Motohiko and Maruyama, Yutaka and Sato, Mitsuhisa},
	year = {2020},
}

@misc{poenaru_evaluation_2021,
	address = {Presentation in AHUG ISC 21 Workshop},
	title = {An {Evaluation} of the {Fujitsu} {A64FX} for {HPC} {Applications}},
	url = {https://a-hug.org/isc-2021-event/},
	author = {Poenaru, Andrei},
	month = jul,
	year = {2021},
}

@misc{pouchet_polybenchc_2016,
	title = {{PolyBench}/{C} 4.2.1 (beta)},
	url = {https://sourceforge.net/projects/polybench/},
	urldate = {2021-06-04},
	author = {Pouchet, Louis-Noel and Taylor, Mark},
	month = may,
	year = {2016},
}

@misc{fujitsu_limited_fujitsu_nodate,
	title = {{FUJITSU} {Processor} {A64FX}},
	url = {https://www.fujitsu.com/downloads/SUPER/a64fx/a64fx_datasheet_en.pdf},
	urldate = {2021-07-12},
	author = {{Fujitsu Limited}},
	file = {Fujitsu Limited - FUJITSU Processor A64FX.pdf:/home/domke/Documents/Zotero/storage/CRT6JXQ6/Fujitsu Limited - FUJITSU Processor A64FX.pdf:application/pdf},
}

@misc{christina_blog_2020,
	title = {Blog Post: Significant performance improvements in {GCC} 10 through {Vectorization} and {In}-lining},
	url = {https://community.arm.com/developer/tools-software/tools/b/tools-software-ides-blog/posts/gcc-10-better-and-faster},
	urldate = {2021-07-30},
	author = {Christina, Tamar},
	month = may,
	year = {2020},
}
