a64fxCvC_long.bib