@misc{lawrence_livermore_national_laboratory_sierra_nodate,
	title = {Sierra {Advanced} {Technology} {System}},
	url = {http://computation.llnl.gov/computers/sierra-advanced-technology-system},
	urldate = {2014-12-31},
	author = {{Lawrence Livermore National Laboratory}}
}

